%% This BibTeX bibliography file was created using BibDesk.
%% http://bibdesk.sourceforge.net/


%% Created for Michael Cumming at 2015-06-02 16:34:26 -0400 


%% Saved with string encoding Unicode (UTF-8) 



@inproceedings{reid2008design,
	Author = {Reid, Josephine},
	Booktitle = {Proceedings of the 3rd international conference on Digital Interactive Media in Entertainment and Arts},
	Date-Added = {2015-06-02 20:34:24 +0000},
	Date-Modified = {2015-06-02 20:34:24 +0000},
	Organization = {ACM},
	Pages = {18--25},
	Title = {Design for coincidence: incorporating real world artifacts in location based games},
	Year = {2008}}

@article{alshurafa2014designing,
	Author = {Alshurafa, Nabil and Xu, Wenyao and Liu, Jason J and Huang, Ming-Chun and Mortazavi, Bobak and Roberts, Christian K and Sarrafzadeh, Majid},
	Date-Added = {2015-06-02 20:17:39 +0000},
	Date-Modified = {2015-06-02 20:17:39 +0000},
	Journal = {Biomedical and Health Informatics, IEEE Journal of},
	Number = {5},
	Pages = {1636--1646},
	Publisher = {IEEE},
	Title = {Designing a robust activity recognition framework for health and exergaming using wearable sensors},
	Volume = {18},
	Year = {2014}}

@article{mortazavi2014near,
	Author = {Mortazavi, Bobak and Nyamathi, Suneil and Lee, Sunghoon Ivan and Wilkerson, Thomas and Ghasemzadeh, Hassan and Sarrafzadeh, Majid},
	Date-Added = {2015-06-02 20:13:42 +0000},
	Date-Modified = {2015-06-02 20:13:42 +0000},
	Journal = {Biomedical and Health Informatics, IEEE Journal of},
	Number = {2},
	Pages = {449--456},
	Publisher = {IEEE},
	Title = {Near-realistic mobile exergames with wireless wearable sensors},
	Volume = {18},
	Year = {2014}}

@article{godfrey2008direct,
	Author = {Godfrey, ACRMDOG and Conway, R and Meagher, D and {\'O}Laighin, G},
	Date-Added = {2015-06-02 20:12:28 +0000},
	Date-Modified = {2015-06-02 20:12:28 +0000},
	Journal = {Medical engineering \& physics},
	Number = {10},
	Pages = {1364--1386},
	Publisher = {Elsevier},
	Title = {Direct measurement of human movement by accelerometry},
	Volume = {30},
	Year = {2008}}

@article{graves2008contribution,
	Author = {Graves, Lee EF and Ridgers, Nicola D and Stratton, Gareth},
	Date-Added = {2015-06-02 20:09:11 +0000},
	Date-Modified = {2015-06-02 20:09:11 +0000},
	Journal = {European journal of applied physiology},
	Number = {4},
	Pages = {617--623},
	Publisher = {Springer},
	Title = {The contribution of upper limb and total body movement to adolescents' energy expenditure whilst playing Nintendo Wii},
	Volume = {104},
	Year = {2008}}

@article{graves2008energy,
	Author = {Graves, Lee and Stratton, Gareth and Ridgers, Nicola D and Cable, N Tim},
	Date-Added = {2015-06-02 20:07:16 +0000},
	Date-Modified = {2015-06-02 20:07:16 +0000},
	Journal = {British journal of sports medicine},
	Number = {7},
	Pages = {592--594},
	Publisher = {BMJ Publishing Group Ltd and British Association of Sport and Exercise Medicine},
	Title = {Energy expenditure in adolescents playing new generation computer games},
	Volume = {42},
	Year = {2008}}

@inproceedings{gao2014decreasing,
	Author = {Gao, Yue and Gerling, Kathrin M and Mandryk, Regan L and Stanley, Kevin G},
	Booktitle = {Proceedings of the first ACM SIGCHI annual symposium on Computer-human interaction in play},
	Date-Added = {2015-06-02 19:46:18 +0000},
	Date-Modified = {2015-06-02 19:46:18 +0000},
	Organization = {ACM},
	Pages = {97--106},
	Title = {Decreasing sedentary behaviours in pre-adolescents using casual exergames at school},
	Year = {2014}}

@article{vonstad2014exergaming,
	Author = {Vonstad, Elise Kl{\ae}bo},
	Date-Added = {2015-06-02 19:34:34 +0000},
	Date-Modified = {2015-06-02 19:34:34 +0000},
	Publisher = {Norges teknisk-naturvitenskapelige universitet, Det medisinske fakultet, Institutt for nevromedisin},
	Title = {Exergaming for Elderly: Subjective Experiences and Objective Movement Characteristics},
	Year = {2014}}

@inproceedings{whitehead2010exergame,
	Author = {Whitehead, Anthony and Johnston, Hannah and Nixon, Nicole and Welch, Jo},
	Booktitle = {Proceedings of the 5th ACM SIGGRAPH Symposium on Video Games},
	Date-Added = {2015-06-02 19:11:55 +0000},
	Date-Modified = {2015-06-02 19:11:55 +0000},
	Organization = {ACM},
	Pages = {55--62},
	Title = {Exergame effectiveness: what the numbers can tell us},
	Year = {2010}}

@inproceedings{hakulinen2012light,
	Author = {Hakulinen, Jaakko and Turunen, Markku and Heimonen, Tomi},
	Booktitle = {DIS 2012 Workshop on Designing Interactive Lighting},
	Date-Added = {2015-06-02 14:43:12 +0000},
	Date-Modified = {2015-06-02 14:43:12 +0000},
	Title = {Light Control Architecture for Multimodal Interaction in Physical and Augmented Environments},
	Year = {2012}}
